% Encoding: UTF-8

@Book{vithal1997design,
	title     = {{Design Your First Research Proposal}},
	publisher = {Juta Academic},
	year      = {1997},
	author    = {Vithal, R. and Jansen, J.},
	isbn      = {9780702140372},
}

@Book{denscombe2012research,
	title     = {{Research Proposals: A Practical Guide}},
	publisher = {Open University Press},
	year      = {2012},
	author    = {Denscombe, M.},
	series    = {Open UP study skills},
	isbn      = {9780335244065},
	lccn      = {89022580},
}

@Comment{jabref-meta: databaseType:bibtex;}


@Book{Dietman,
	author = {Dietmar Kopitz, Bev Marks},
	title = {RDS: the radio data system},
	publisher = {p. 31},
	year = {2001}
}

@ONLINE{Stau,
	url = {https://adac.de/verkehr/verkehrsinformationen/},
	year = {2020}
}

@ONLINE{presse,
	url = {https://https://www.diepresse.com/5382856/verkehrsplaner-knoflacher-in-wien-staus-kunstlich-erzeugt/},
	year = {2018}
}

@ONLINE {bosch,
	url = {https://www.bosch.com/de/stories/automatisiertes-fahren-interview-mit-moritz-dechant/},
	year = {2016}
}

@ONLINE{Spectrum,
	author = {JUi-Yuan Lin, Kuang-Hao Lin, Shuenn-Yuh Lee},
	title = {Digital RDS demodulation in FM subcarrier systems},
	publisher = {IEEE},
	year = {2004}
}

@Book{Terre,
	author = {Paul Dambacher},
	title = {Digitale Technik f√ºr den Fernsehrundfunk},
	year = {2003},
	publisher = {Springer},
}

@ONLINE {Grds,
	title = {audio engineer`s Reference Book},
	author = {Michael talbot-smith},
	year = {1999},
	publisher = {Focal Press- Taylor & Francia Group},
}


@Book{standard,
	title = {European FM Handbook},
	publisher = {The Directory of European FM Broadcasting},
	year = {2003}
}

@article{amanor2018intersatellite,
	title={Intersatellite communication system based on visible light},
	author={Amanor, David N and Edmonson, William W and Afghah, Fatemeh},
	journal={IEEE Transactions on Aerospace and Electronic Systems},
	volume={54},
	number={6},
	pages={2888--2899},
	year={2018},
	publisher={IEEE}
}

@Book{DietmanRDSbeginning,
	title = {RDS: the radio data system},
	author = {Dietmar Kopitz, Bev Marks},
	pages = {2--6},
	year = {2001},
	publisher={Artech House}	
}


@ONLINE {Asfinag,
	url = {https://https://www.asfinag.at/media/2154/de-tmcplus-infofolder.pdf/},
	year = {2009}
}

@book{stewart2015software,
	title={Software defined radio using MATLAB \& Simulink and the RTL-SDR},
	author={Stewart, Robert W and Barlee, Kenneth W and Atkinson, Dale SW},
	year={2015},
	publisher={Strathclyde Academic Media}
}

@MISC{DIN_EN,
	type = {Norm},
	key  = {DIN EN 62106:2016-06},
	month         = July,
	year         = {2016},
	title         = {Specification of the radio data system (RDS) for VHF/FM sound broadcasting in the frequency range from 87,5 MHz to 108,0 MHz (IEC 62106:2015)}
}

@book{telecomGesetz,
	title={Telekommunikationsgesetz},
	author={Federal office of justice},
	year={2004},
}

%%RDS Navigationsystem pazh calc
@misc{uyeki2010route,
	title={Route calculation method for a vehicle navigation system},
	author={Uyeki, Robert and Tamura, Kazuya and Ohki, Eric Shigeru and Kurciska, Maja},
	year={2010},
	month=mar # "~16",
	publisher={Google Patents},
	note={US Patent 7,680,596}
}

@techreport{firstRDSspecEBUTECH,
	title={FM Data Coder for the Radio Data System},
	author={Mayr, J},
	year={1986},
	institution={SAE Technical Paper}
}

@misc{EBUTECH3344,
	url = {https://tech.ebu.ch/docs/tech/tech3344.pdf},
	year = {1984}
}

@book{TATP,
	title = {Official NAB Privacy Policy},
	year = {2009},
	publisher = {National Association of Broadcasters}
}

@article{barca2017radio,
	title={Radio Data System-Platform for traffic and travel information services},
	author={Barca Claudiu Dan},
	journal={disasters},
	volume={3},
	number={4},
	pages={5},
	year={2017}
}

@inproceedings{SmartCity-kutlay2019rds,
	title={RDS Of Things: Using RDS Technology For Smart Cities},
	author={Kutlay, Atalay},
	booktitle={2019 7th International Istanbul Smart Grids and Cities Congress and Fair (ICSG)},
	pages={139--143},
	year={2019},
	organization={IEEE}
}

@inproceedings{Healthcare-ram2015health,
	title={Health monitoring using Radio Data Systems (RDS)},
	author={Ram, RS Deepak and Bhavani, G},
	booktitle={2015 International Conference on Communications and Signal Processing (ICCSP)},
	pages={1748--1752},
	year={2015},
	organization={IEEE}
}

@inproceedings{trustNavi_stanton2014advances,
	title={Advances in Human Aspects of Transportation: Part II},
	author={Stanton, Neville and Landry, Steven and Di Bucchianico, Giuseppe and Vallicelli, Andrea},
	pages ={326-329},
	year={2014},
	organization={AHFE Conference}
}

@article{TMCEnglandSta-hounsell2009review,
	title={Review of urban traffic management and the impacts of new vehicle technologies},
	author={Hounsell, NB and Shrestha, BP and Piao, J and McDonald, M},
	journal={IET intelligent transport systems},
	volume={3},
	number={4},
	pages={419--428},
	year={2009},
	publisher={IET}
}

@article{Monitoring-du2014effective,
	title={Effective urban traffic monitoring by vehicular sensor networks},
	author={Du, Rong and Chen, Cailian and Yang, Bo and Lu, Ning and Guan, Xinping and Shen, Xuemin},
	journal={IEEE Transactions on Vehicular Technology},
	volume={64},
	number={1},
	pages={273--286},
	year={2014},
	publisher={IEEE}
}

@ONLINE{Stuttgart,
	url = {https://www.stuttgart.de/feinstaubalarm/},
	year = {2018}
}
